<?xml version="1.0" encoding="UTF-8"?><collection xmlns="http://www.loc.gov/MARC21/slim"><record><leader>00443nam--2200145-i-4500</leader><controlfield tag="001">000012615</controlfield><controlfield tag="002">20161230</controlfield><controlfield tag="005">20170222175518</controlfield><controlfield tag="008">060222s1000------------r-----000-0-eng-d</controlfield><datafield ind1=" " ind2=" " tag="245"><subfield code="a">V. Brazilian Symposium on theoretical physics. Rio de Janeiro January, 1974</subfield></datafield><datafield ind1=" " ind2=" " tag="260"><subfield code="a">Rio De Janeiro</subfield><subfield code="b">Livros Tecnicos E Cientificos Editora S.A</subfield><subfield code="c">1975</subfield></datafield><datafield ind1=" " ind2=" " tag="300"><subfield code="a">355 p</subfield></datafield><datafield ind1=" " ind2=" " tag="700"><subfield code="a">Ferreira, Erasmo</subfield></datafield><datafield ind1=" " ind2=" " tag="852"><subfield code="a">530.1(061.3)</subfield></datafield><datafield ind1=" " ind2=" " tag="CAT"><subfield code="a">SYS</subfield><subfield code="c">20170222</subfield><subfield code="h">175518</subfield></datafield></record></collection>